% This file was created with Citavi 6.2.0.12

@book{Schumacher.2010,
 author = {Schumacher, Robert M.},
 year = {2010},
 title = {The handbook of global user research},
 keywords = {Industrial design   Psychological aspects   Handbooks, manuals, etc;Industrial design   Research   Handbooks, manuals, etc;Project management   Handbooks, manuals, etc;User interfaces (Computer systems)   Research   Handbooks, manuals, etc},
 address = {Burlington, MA},
 publisher = {{Morgan Kaufmann}},
 isbn = {0123748526}
}
@book{franz2007handbuch,
	title={Handbuch zum Testen von Web-Applikationen: Testverfahren, Werkzeuge, Praxistipps},
	author={Franz, K.},
	isbn={9783540245391},
	series={Xpert. press Series},
	url={https://books.google.de/books?id=RuQWbTL\_dWwC},
	year={2007},
	publisher={Springer}
}
@book{witte2015testmanagement,
	title={Testmanagement und Softwaretest: Theoretische Grundlagen und praktische Umsetzung},
	author={Witte, F.},
	isbn={9783658099640},
	url={https://books.google.de/books?id=CbgDCwAAQBAJ},
	year={2015},
	publisher={Springer Fachmedien Wiesbaden}
}
